@Book{Lewis1973,
author = {Lewis, David K.}, 
title = {Counterfactuals}, 
pages = {x, 150}, 
publisher = {Harvard University Press}, 
address = {Cambridge}, 
year = {1973}
}

@inproceedings{BoutillierEK17,
author = {Boutillier, Pierre and Ehrhard, Thomas and Krivine, Jean},
title = {Incremental Update for Graph Rewriting},
booktitle = {Programming Languages and Systems - 26th European Symposium on Programming, {ESOP} 2017},
pages     = {201--228},
year      = {2017},
}

@article{moll,
author = {Andersen, Jakob L. and Flamm, Christoph and Merkle, Daniel and Stadler, Peter F.},
journal = {Lecture Notes in Computer Science},
pages = {73--88},
title = {{A Software Package for Chemically Inspired Graph Transformation.}},
volume = {9761},
year = {2016}
}

@article{bngl,
author = {Harris,Leonard A. and Hogg, Justin S. and Tapia, José-Juan and Sekar, John A. P. and Gupta, Sanjana and Korsunsky, Ilya and Arora, Arshi  and Barua,  Dipak and Sheehan, Robert P. and Faeder, James R.},
journal = {Bioinformatics},
number = {21},
pages = {3366–-3368},
title = {{BioNetGen 2.2: Advances in rule-based modeling}},
volume = {32},
year = {2016}
}

@article{lewis1974causation,
author = {Lewis, David},
journal = {The journal of philosophy},
number = {17},
pages = {556--567},
title = {{Causation}},
volume = {70},
year = {1974}
}
@inproceedings{leitner2013causality,
author = {Leitner-Fischer, Florian and Leue, Stefan},
booktitle = {VMCAI},
pages = {248--267},
title = {{Causality Checking for Complex System Models.}},
volume = {7737},
year = {2013}
}
@article{lewis2000causation,
author = {Lewis, David},
journal = {The Journal of Philosophy},
number = {4},
pages = {182--197},
publisher = {JSTOR},
title = {{Causation as influence}},
volume = {97},
year = {2000}
}
@inproceedings{DanosEtAl-CONCUR07,
address = {Lisbon, Portugal},
author = {Danos, V.  and Feret, J.  and Fontana, W.  and Harmer, R.  and Krivine, J. },
booktitle = {Proceedings of the Eighteenth International Conference on Concurrency Theory, CONCUR 2007, Lisbon, Portugal},
editor = {Caires, L.  and Vasconcelos, V.T. },
pages = {17--41},
publisher = {Springer, Berlin, Germany},
series = {Lecture Notes in Computer Science},
title = {{Rule-Based Modelling of Cellular Signalling, invited paper}},
volume = {4703},
year = {2007}
}
@inproceedings{DBLP:conf/fsttcs/DanosFFHH12,
author = {Danos, Vincent and Feret, J{\'{e}}r{\^{o}}me and Fontana, Walter and Harmer, Russell and Hayman, Jonathan and Krivine, Jean and Thompson-Walsh, Christopher D and Winskel, Glynn},
booktitle = {IARCS Annual Conference on Foundations of Software Technology and Theoretical Computer Science, FSTTCS 2012},
editor = {D'Souza, Deepak and Kavitha, Telikepalli and Radhakrishnan, Jaikumar},
pages = {276--288},
publisher = {Schloss Dagstuhl - Leibniz-Zentrum f{\"{u}}r Informatik},
series = {LIPIcs},
title = {{Graphs, Rewriting and Pathway Reconstruction for Rule-Based Models}},
volume = {18},
year = {2012}
}
@article{Halpern2005,
author = {Halpern, JY and Pearl, J},
file = {:Users/jlauren1/Library/Application Support/Mendeley Desktop/Downloaded/Halpern, Pearl - 2005 - Causes and explanations A structural-model approach. Part I Causes.pdf:pdf},
journal = {The British journal for the philosophy of},
title = {{Causes and explanations: A structural-model approach. Part I: Causes}},
url = {https://academic.oup.com/bjps/article-abstract/56/4/843/1451716},
year = {2005}
}
@inproceedings{DanosEtAl-APLAS07,
address = {Singapore},
author = {Danos, V.  and Feret, J.  and Fontana, W.  and Krivine, J. },
booktitle = {Proceedings of the Fifth Asian Symposium on Programming Systems, APLAS 2007, Singapore},
editor = {Shao, Z. },
pages = {139--157},
publisher = {Springer, Berlin, Germany},
series = {Lecture Notes in Computer Science},
title = {{Scalable Simulation of Cellular Signaling Networks, invited paper}},
volume = {4807},
year = {2007}
}
